<?xml version="1.0" encoding="UTF-8"?><collection xmlns="http://www.loc.gov/MARC21/slim"><record><leader>00394nam--2200133-i-4500</leader><controlfield tag="001">000011289</controlfield><controlfield tag="002">20161230</controlfield><controlfield tag="005">20161230201029</controlfield><controlfield tag="008">060222s1000------------r-----000-0-eng-d</controlfield><datafield ind1=" " ind2=" " tag="080"><subfield code="a">547.52(022):535.372(022)</subfield></datafield><datafield ind1=" " ind2=" " tag="100"><subfield code="a">Berlman, Isadore B</subfield></datafield><datafield ind1=" " ind2=" " tag="245"><subfield code="a">Handbook of fluorescence spectra of aromatic m olecules. second edition</subfield></datafield><datafield ind1=" " ind2=" " tag="260"><subfield code="a">New York, Academic Press, 1971 Xiv + 473 P</subfield></datafield><datafield ind1=" " ind2=" " tag="852"><subfield code="a">42030</subfield></datafield></record></collection>